@book{texbook,
  author = {Donald E. Knuth},
  year = {1986},
  title = {The {\TeX} Book},
  publisher = {Addison-Wesley Professional}
}

@book{latex2e,
  author = {Leslie Lamport},
  year = {1994},
  title = {{\LaTeX}: a Document Preparation System},
  publisher = {Addison Wesley},
  address = {Massachusetts},
  edition = {2}
}


@inproceedings{Bjorklund2022,
  author = {Björklund, G. and Bohlin, M. and Olander, E. and Jansson, J. and Walter, C.E. and Au-Yong-Oliveira, M.},
  title = {An Exploratory Study on the Spotify Recommender System},
  booktitle = {Proceedings of the World Conference on Information Systems and Technologies},
  year = {2022},
  month = {April},
  pages = {366--378},
  publisher = {Springer International Publishing},
  address = {Cham},
}

@inproceedings{Jacobson2016,
  author = {Jacobson, K. and Murali, V. and Newett, E. and Whitman, B. and Yon, R.},
  title = {Music personalization at Spotify},
  booktitle = {Proceedings of the 10th ACM Conference on Recommender Systems},
  year = {2016},
  month = {September},
  pages = {373--373},
}

@article{Pedroche2020,
  author = {Pedroche, F. and Conejero, J.A.},
  title = {On comparing Spotify Top 200 lists},
  year = {2020},
  url= {imm.webs.upv.es}
}

@misc{SpotifyAnnotations2024,
  author = {Spotify Engineering Team},
  title = {How We Generated Millions of Content Annotations},
  year = {2024},
  month = {October},
  url = {https://engineering.atspotify.com/2024/10/how-we-generated-millions-of-content-annotations/}
}

@article{Luo2018,
  author    = {Luo, K.},
  title     = {Machine Learning Approach for Genre Prediction on Spotify Top Ranking Songs},
  year      = {2018}
}

@misc{kaggle2024top200,
  author       = {Alarcon, B.},
  title        = {Top 200 Spotify Songs Dataset},
  year         = {2024},
  url          = {https://www.kaggle.com/datasets/brunoalarcon123/top-200-spotify-songs-dataset/data},
  note         = {Accessed: 2024-11-19}
}

@article{nasteski2017overview,
  author = {Nasteski, V.},
  title = {An overview of the supervised machine learning methods},
  journal = {Horizons},
  volume = {4},
  number = {51-62},
  pages = {56},
  year = {2017}
}

@inproceedings{parmar2019review,
  author    = {Parmar, A. and Katariya, R. and Patel, V.},
  title     = {A review on random forest: An ensemble classifier},
  booktitle = {International Conference on Intelligent Data Communication Technologies and Internet of Things (ICICI) 2018},
  pages     = {758--763},
  year      = {2019},
  publisher = {Springer International Publishing}
}

@article{bentejac2021comparative,
  author    = {Bentéjac, C. and Csörgő, A. and Martínez-Muñoz, G.},
  title     = {A comparative analysis of gradient boosting algorithms},
  journal   = {Artificial Intelligence Review},
  volume    = {54},
  pages     = {1937--1967},
  year      = {2021}
}

@article{priyam2013comparative,
  author    = {Priyam, A. and Abhijeeta, G. R. and Rathee, A. and Srivastava, S.},
  title     = {Comparative analysis of decision tree classification algorithms},
  journal   = {International Journal of Current Engineering and Technology},
  volume    = {3},
  number    = {2},
  pages     = {334--337},
  year      = {2013}
}

@article{stoltzfus2011logistic,
  author    = {Stoltzfus, J. C.},
  title     = {Logistic regression: a brief primer},
  journal   = {Academic Emergency Medicine},
  volume    = {18},
  number    = {10},
  pages     = {1099--1104},
  year      = {2011}
}

@article{Ouali2020,
  author = {Ouali, Y. and Hudelot, C. and Tami, M.},
  title = {An overview of deep semi-supervised learning},
  journal = {arXiv preprint arXiv:2006.05278},
  year = {2020}
}
@article{Yee2022,
  author = {Yee, Y.K. and Raheem, M.},
  title = {Predicting music popularity using Spotify and YouTube features},
  journal = {Indian Journal of Science and Technology},
  year = {2022},
  volume = {15},
  number = {36},
  pages = {1786--1799}
}
@inproceedings{Hamilton2020,
  author = {Hamilton, D. and Pacheco, R. and Myers, B. and Peltzer, B.},
  title = {kNN vs. SVM: A comparison of algorithms},
  booktitle = {Proceedings of the Fire Continuum-Preparing for the future of wildland fire},
  editor = {Hood, Sharon M. and Drury, Stacy and Steelman, Toddi and Steffens, Ron},
  year = {2020},
  pages = {95--109},
  publisher = {US Department of Agriculture, Forest Service, Rocky Mountain Research Station},
  address = {Fort Collins, CO},
  series = {Proceedings RMRS-P-78},
  note = {2018 May 21-24; Missoula, MT}
}
@article{Ying2013,
  author = {Ying, C. and Qi-Guang, M. and Jia-Chen, L. and Lin, G.},
  title = {Advance and prospects of AdaBoost algorithm},
  journal = {Acta Automatica Sinica},
  year = {2013},
  volume = {39},
  number = {6},
  pages = {745--758}
}
